@misc{HowMuchInformation,
  author       = "P. Layman and H. R. Varian",
  title        = "How Much Information",
  howpublished = "[online]",
  year         = "2003",
  note         = "Pobrane z http://www.sims.berkeley.edu/how-much-info-2003 dnia
                  05.11.2010"
}

@misc{ToxicTerabyte,
  author = "IBM Global Technology Services white paper",
  title  = "The Toxic Terabyte",
  month  = "lipiec",
  year   = "2006"
}

@conference{DeepWeb,
  author    = "A. Varde and F. Suchanek and R. Nayak and P. Senellart",
  title     = "Knowledge Discovery over the Deep Web, Semantic 
               Web and XML",
  booktitle = "DASFAA '09 Proceedings of the 14th International Conference on
               Database Systems for Advanced Applications",
  year      = "2009"
}

@conference{Tina,
  author    = "Y. T. Lee",
  title     = "Information Modeling: From Design to Implementation",
  booktitle = "Proceedings of the Second World Manufacturing Congress",
  year      = "1999"
}

@article{GilbaneReport,
  author  = "J. T. Hackos",
  title   = "What is an Information Model \& Why do You Need One?",
  journal = "The Gilbane Report",
  year    = "2002",
  volume  = "10",
  number  = "1",
  month   = "luty"
}

@misc{RFC3444,
  author = "A. Pras and J. Schoenwaelder",
  title  = "{RFC 3444}: On the Difference between
            Information Models and Data Models",
  month  = "styczeń",
  year   = "2003",
  URL    = "http://tools.ietf.org/search/rfc3444"
}

@misc{SKOS-ref,
  author = "A. Miles and S. Bechhofer",
  title  = "SKOS Reference",
  note   = "W3C Recommendation", 
  day    = "18",
  month  = "sierpień",
  year   = "2009"
}

@misc{SKOS-pr,
  author = "A. Isaac and E. Summers",
  title  = "SKOS Simple Knowledge Organization System Primer",
  note   = "W3C Working Group Note",
  day    = "18",
  month  = "sierpień",
  year   = "2009"
}

@misc{Willpower,
  author = "S. D. Clarke and A. Gilchrist and R. Davies and L. Will",
  title  = "Glossary of terms relating to thesauri and other forms of 
            structured vocabulary for information retrieval",
  note   = "Willpower Information"
}
@conference{KasperekKonf,
  author = "J.Woźniak-Kasperek",
  title  = "Organizacja informacji w internetowych serwisach kontrolowanej jakości",
booktitle= "Opracowanie przedmiotowe dokumentów z zakresu nauk ścisłych: matematyczno-przyrodniczych i technicznych.
				Język haseł przedmiotowych KABA: teoria, praktyka, przyszłość",
  month  = "wrzesien",
  year   = "2006",
address= "Kazimierz Dolny",
}
@book{KasperekPoradnik,
author="J.Woźniak-Kasperek",
title ="Podstwy budowy tezaurusa",
publisher="Wydawnictwo SBP",
year= "2005 ",
address="Warszawa",
}

@article{Sosinska,
author="B. Sosińska-Kalata",
title ="Tezaurusy w zmieniającym się środowisku wyszukiwania informacji",
journal="Informacja w sieci. Problemy, metody, technologie",
year = "2006",
address ="Warszawa",
}

@book{Verhoef,
author="Theudorus Franciscus Verhoef",
title="Effective information modelling support",
year="1993",
publisher="Technische Universiteit Delft",
}


